
%%%%%%%%%%% Books
%%%%%%%%%% Paper1: mixed eta-mu and kappa-mu fading
%%%%%%%%%%% 1954
@BOOK{one,
	AUTHOR =       {D. C. Daly, L. C. Fujino and K. C. Smith},
	TITLE =        {Through the Looking Glass - The
2018 Edition: Trends in Solid-State Circuits from the 65th ISSCC.} ,
	PUBLISHER =    {IEEE Solid State Circuits MAgazine},
	YEAR =         {ISSN 1943-0582. doi: 10.
1109/MSSC.2017.2771103.},
	edition =      {2018},}
}

	%%%%%%%%%%%%% 1974
@BOOK{two,
	AUTHOR =       {},
	TITLE =        {IEEE Standard for Ethernet Amendment 10: Media Access Control Parameters, Physical Layers, and Management Parameters for 200 Gb/s and 400 Gb/s Operation. 2017.},
	PUBLISHER =    {IEEE Std. 802.3bs},
	YEAR =         {2017},
	edition =      {},}
}
%%%%%%%%%%% 1976
@BOOK{three,
	AUTHOR =       {},
	TITLE =        {Common Electrical I/O (CEI) - Electrical and Jitter Interoperability agreements for 6G+ bps, 11G+ bps, 25G+ bps I/O and 56G+ bps.},
	PUBLISHER =    {OIF CEI},
	YEAR =         {2017},
	edition =      {4},}
}

%%%%%%%%% 1985
@BOOK{SrivastavaBook,
	AUTHOR =       {H. M. Srivastava and P. K. Karlsson },
	TITLE =        {Multiple Gaussian Hypergeometric Series},
	PUBLISHER =    {New York, NY: John Wiley \& Sons},
	YEAR =         {1985},
	edition =      {},}
%%%%%%%%% 1986
@BOOK{PrudnikovBookv4,
	AUTHOR =       {A. P. Prudnikov and Y. A. Brychkov and O. I. Marichev},
	TITLE =        {Integrals and Series},
	PUBLISHER =    {Gordon and Breach Science Publishers},
	YEAR =         {1986},
	volume=        {4},
	edition =      {4th},}
	%%%%%%%%% 1998
@BOOK{LeeBook1998,
	AUTHOR =       {W. C. Y. Lee},
	TITLE =        {Mobile Communications Engineering: Theory and Applications},
	PUBLISHER =    {New York: McGraw-Hill},
	YEAR =         {1998},
	edition =       {2nd},
}
%%%%%%%%% 2000
@BOOK{RyzhikBook,
	AUTHOR =       {I. S. Gradshteyn and I. M. Ryzhik},
	TITLE =        {Table of Integrals, Series, and Products},
	PUBLISHER =    {New York: Academic Press},
	YEAR =         {2007},
	edition =       {7th},
}
@BOOK{SimonBook2006,
	AUTHOR =       {M. K. Simon},
	TITLE =        {Probability Distributions Involving Gaussian Random Variables, A Handbook for Engineers and Scientists},
	PUBLISHER =    {New York, NY, USA: Springer},
	YEAR =         {2006},
	edition =       {1st},
}
@BOOK{Biglieri2006,
	AUTHOR =       {Ezio Biglieri and Robert Calderbank and Anthony Constantinides and Andrea Goldsmith and Arogyaswami Paulraj and H. Vincent Poor},
	TITLE =        {MIMO Wireless Communications},
	PUBLISHER =    {Cambridge University Press},
	YEAR =         {2006},
	edition =       {1st},
}

%%%%%%%%%% 2001
@BOOK{ProakisBookDC,
	AUTHOR =       {J. G. Proakis},
	TITLE =        {Digital Communications},
	PUBLISHER =    {New York: McGraw-Hill},
	YEAR =         {2001},
	edition =      {4th},}
@BOOK{ProakisBookDC2,
	AUTHOR =       {J. G. Proakis and M. Salehi},
	TITLE =        {Fundamentals of Communication Systems},
	PUBLISHER =    {Pearson},
	YEAR =         {2006},
	edition =      {1st},}
@BOOK{StuberBook,
	AUTHOR =        {Gordon L. St{\"{u}}ber},
	TITLE =        {Principles of Mobile Communication},
	PUBLISHER =    {Kluwer},
	YEAR =         {2001},
	edition =      {2nd},}
%%%%%%%%%%%% 2002
@BOOK{PapoulisBook2002,
	AUTHOR =        {A. Papoulis and S. U. Pillai},
	TITLE =        {Probability, Random Variables And Stochastic Processes},
	PUBLISHER =    {New York: McGraw-Hill},
	YEAR =         {2004},
	edition =      {4th},}
%%%%%%%%%%%% 2004
@BOOK{BoydBook2004,
	AUTHOR =        {Stephen Boyd and Lieven Vandenberghe},
	TITLE =        {Convex Optimization},
	PUBLISHER =    {Cambridge University Press},
	YEAR =         {2004},
	edition =      {1st},}	
%%%%%%%%%%%  2005
@BOOK{SimonBookDC,
	AUTHOR =       {M. K. Simon and M.-S. Alouini},
	TITLE =        {Digital Communication over Fading Channels},
	PUBLISHER =    {New York, NY, USA: Wiley},
	YEAR =         {2005},
	edition =      {2nd},}
%%%%%%%%%%%  2005
@BOOK{TseBook2005,
	AUTHOR =       {D. Tse and P. Viswanath},
	TITLE =        {Fundamentals of Wireless Communication},
	PUBLISHER =    {Cambridge University Press},
	YEAR =         {2005},
	edition =      {1st},}
%%%%%%%%% 2008
@BOOK{LiuBook2008,
	AUTHOR =       {K. J. R. Liu and A. K. Sadek and W. Su and A. Kwasinski},
	TITLE =        {Cooperative Communications and Networking},
	PUBLISHER =    {New York, NY: Cambridge University Press},
	YEAR =         {2008},
	edition =      {},}

%%%%%%%%% 2010
@BOOK{RappaportBook2010,
	AUTHOR =       {T. S. Rappaport},
	TITLE =        {Wireless Communications: Principles and Practice },
	PUBLISHER =    {Pearson},
	YEAR =         {2010},
	edition =      {2},}



%%%%%%%%%%%%
%%%%%%%%%% Thesis
@BOOK{SubadarThesis2011,
	AUTHOR =       {Rupaban Subadar},
	TITLE =        {Performance Analysis of Diversity Combining Receivers Over Hoyt, $\eta$-$\mu$ and $\kappa$-$\mu$ Fading Channels},
	PUBLISHER =    {Ph. D. thesis, IIT Guwahati, Assam, India},
	YEAR =         {2011},
	%edition =      {2}
	,}




%%%%%%%%%% Journal Papers
%%%%%%%%%%%% 1947
@ARTICLE{HoytApr1947, 
author={R. S. Hoyt}, 
journal={Bell Syst. Tech. J.}, 
title={Probability functions for the modulus and angle of the normal complex variate}, 
year={1947}, 
volume={26}, 
number={2}, 
pages={318-359}, 
keywords={}, 
doi={10.1002/j.1538-7305.1947.tb01318.x}, 
ISSN={0005-8580}, 
month={Apr.},}

